@inproceedings{pang-lee-2005,
    title = "Seeing Stars: Exploiting Class Relationships for Sentiment Categorization with Respect to Rating Scales",
   author = {Bo Pang and Lillian Lee},

    booktitle = "Proceedings of the 43rd Annual Meeting of the Association for Computational Linguistics ({ACL}{'}05)",
    month = jun,
    year = "2005",
    address = "Ann Arbor, Michigan",
    publisher = "Association for Computational Linguistics",
    url = "https://www.aclweb.org/anthology/P05-1015",
    pages = "115--124",
}

@inproceedings{pang-lee-2004,
   author = {Bo Pang and Lillian Lee},
   title = {A Sentimental Education: Sentiment Analysis Using Subjectivity},
   year = {2004},
   pages = {271--278},
   booktitle = {Proceedings of ACL},
   url = {http://www.cs.cornell.edu/home/llee/papers/cutsent.pdf}
   }
   
  @inproceedings{tai-etal-2015,
    title = "Improved Semantic Representations From Tree-Structured Long Short-Term Memory Networks",
    author = "Tai, Kai Sheng  and
      Socher, Richard  and
      Manning, Christopher D.",
    booktitle = "Proceedings of the 53rd Annual Meeting of the Association for Computational Linguistics and the 7th International Joint Conference on Natural Language Processing (Volume 1: Long Papers)",
    month = jul,
    year = "2015",
    address = "Beijing, China",
    publisher = "Association for Computational Linguistics",
    url = "https://www.aclweb.org/anthology/P15-1150",
    pages = "1556--1566",
}

@inproceedings{kim-2014,
    title = "Convolutional Neural Networks for Sentence Classification",
    author = "Kim, Yoon",
    booktitle = "Proceedings of the 2014 Conference on Empirical Methods in Natural Language Processing ({EMNLP})",
    month = oct,
    year = "2014",
    address = "Doha, Qatar",
    publisher = "Association for Computational Linguistics",
    url = "https://www.aclweb.org/anthology/D14-1181",
    pages = "1746--1751",
}

@inproceedings{socher-etal-2011,
    title = "Semi-Supervised Recursive Autoencoders for Predicting Sentiment Distributions",
    author = "Socher, Richard  and
      Pennington, Jeffrey  and
      Huang, Eric H.  and
      Ng, Andrew Y.  and
      Manning, Christopher D.",
    booktitle = "Proceedings of the 2011 Conference on Empirical Methods in Natural Language Processing",
    month = jul,
    year = "2011",
    address = "Edinburgh, Scotland, UK.",
    publisher = "Association for Computational Linguistics",
    url = "https://www.aclweb.org/anthology/D11-1014",
    pages = "151--161"
}

@article{lin2017,
  author    = {Zhouhan Lin and
               Minwei Feng and
               C{\'{\i}}cero Nogueira dos Santos and
               Mo Yu and
               Bing Xiang and
               Bowen Zhou and
               Yoshua Bengio},
  title     = {A Structured Self-attentive Sentence Embedding},
  journal   = {CoRR},
  year      = {2017},
  url       = {http://arxiv.org/abs/1703.03130},
  archivePrefix = {arXiv},
  eprint    = {1703.03130},
  biburl    = {https://dblp.org/rec/journals/corr/LinFSYXZB17.bib},
  bibsource = {dblp computer science bibliography, https://dblp.org}
}


@inproceedings{sutton2000,
  author    = {Richard S. Sutton and David Allen McAllester and Satinder Pal Singh and Yishay Mansour},
  title     = {Policy gradient methods for reinforcement learning with function approximation},
  journal   = {NIPS},
  year      = {2000},
    pages   = {1057â€“1063},
    biburl = "https://papers.nips.cc/paper/1713-policy-gradient-methods-for-reinforcement-learning-with-function-approximation.pdf"
}

@article{yogatama2016,
  author    = {Dani Yogatama and
               Phil Blunsom and
               Chris Dyer and
               Edward Grefenstette and
               Wang Ling},
  title     = {Learning to Compose Words into Sentences with Reinforcement Learning},
  journal   = {CoRR},
  volume    = {abs/1611.09100},
  year      = {2017},
  url       = {http://arxiv.org/abs/1611.09100},
  archivePrefix = {arXiv},
  eprint    = {1611.09100},
  biburl    = {https://dblp.org/rec/journals/corr/YogatamaBDGL16.bib},
  bibsource = {dblp computer science bibliography, https://dblp.org}
}

@article{chung2017,
  author    = {Junyoung Chung and
               Sungjin Ahn and
               Yoshua Bengio},
  title     = {Hierarchical Multiscale Recurrent Neural Networks},
  journal   = {CoRR},
  volume    = {abs/1609.01704},
  year      = {2017},
  url       = {http://arxiv.org/abs/1609.01704},
  archivePrefix = {arXiv},
  eprint    = {1609.01704},
  timestamp = {Mon, 13 Aug 2018 16:46:29 +0200},
  biburl    = {https://dblp.org/rec/journals/corr/ChungAB16.bib},
  bibsource = {dblp computer science bibliography, https://dblp.org}
}

@article{zhang2018,
	author = {Tianyang Zhang and Minlie Huang and Li Zhao},
	title = {Learning Structured Representation for Text Classification via Reinforcement Learning},
	conference = {AAAI Conference on Artificial Intelligence},
	year = {2018},
	keywords = {Reinforcement Learning; Structure; Text Classification},
	url = {https://www.aaai.org/ocs/index.php/AAAI/AAAI18/paper/view/16537/16174}
}
